<?xml version="1.0" encoding="UTF-8"?><collection xmlns="http://www.loc.gov/MARC21/slim"><record><leader>00350nam--2200133-i-4500</leader><controlfield tag="001">000036746</controlfield><controlfield tag="002">20161230</controlfield><controlfield tag="005">20161230201041</controlfield><controlfield tag="008">060222s1000------------r-----000-0-eng-d</controlfield><datafield ind1=" " ind2=" " tag="080"><subfield code="a">622.311.22</subfield></datafield><datafield ind1=" " ind2=" " tag="100"><subfield code="a">Pocrovschi, V.N</subfield></datafield><datafield ind1=" " ind2=" " tag="245"><subfield code="a">Alimentarea cu apa a centralelor termoelectrice</subfield></datafield><datafield ind1=" " ind2=" " tag="260"><subfield code="a">Bucuresti, Ed.Energ.De Stat, 1952, 243p</subfield></datafield><datafield ind1=" " ind2=" " tag="852"><subfield code="a">26878</subfield></datafield></record></collection>